@online{
  CERN:LHC,
  author = "European {O}rganization for {N}uclear {R}esearch",
  title =  "The {L}arge {H}adron {C}ollider",
  year =   "2012",
  month =  "November",
  url =    "http://public.web.cern.ch/public/en/lhc/lhc-en.html"
}
@online{
  CERN,
  author = "European {O}rganization for {N}uclear {R}esearch",
  title =  "C{ERN} {E}uropean {O}rganization for {N}uclear {R}esearch",
  year =   "2012",
  month =  "November",
  url =    "http://public.web.cern.ch/public/"
}
@online{
  NVIDIA:Tesla,
  author = "NVIDIA Corporation",
  title =  "High Performance Computing: Accelerating Science with Tesla GPUs",
  year =   "2013",
  url =    "http://www.nvidia.com/object/tesla-supercomputing-solutions.html"
}
@techreport{
  GAMA,
  title={GAMA framework: Hardware Aware Scheduling in Heterogeneous Environments},
  author={Barbosa, João},
  organization={Informatics Department, University of Minho},
  month={September},
  year={2012}
}
@online{
  CERN:ATLAS,
  author = "European {O}rganization for {N}uclear {R}esearch",
  title =  "A{TLAS} experiment",
  year =   "2012",
  month =  "November",
  url =    "http://atlas.ch/"
}
@online{
  LIP,
  author = "Laboratório de {E}xperimentação e {F}ísica {E}xperimental de {P}artículas",
  title =  "Laboratório de {E}xperimentação e {F}ísica {E}xperimental de {P}artículas",
  year =   "2012",
  month =  "November",
  url =    "http://www.lip.pt/"
}
@online{
  CERN:DATA,
  author = "RD. Schaffer, W. Bhimji, C. Biscarat, G. Brandt, G. Duckeck, P. van Gemmeren, A. Peters and I. Vukotic",
  title =  "I{O} performance of {ATLAS} data formats",
  year =   "2010",
  month =  "October",
  url =    "http://cdsweb.cern.ch/record/1299564/files/ATL-SOFT-SLIDE-2010-381.pdf?version=1"
}
@online{
  CERN:ROOT,
  author = "F. Rademakers, P. Canal, B. Bellenot, O. Couet, A. Naumann, G. Ganis, L. Moneta, V. Vasilev, A. Gheata, P. Russo and R. Brun",
  title =  "R{OOT}",
  year =   "2012",
  month =  "November",
  url =    "http://root.cern.ch/drupal/"
}
@online{
  OpenACC,
  author =      "{OpenACC Corporation}",
  title =       "{OpenACC}",
  year =        "2012",
  month =       "November",
  url =         "http://www.openacc-standard.org/",
  note =        "[Online; accessed November 20, 2012]"
}
@online{
  Texas:DSP,
  author =       "Texas Instruments",
  title =        "Digital {S}ignal {P}rocessors",
  howpublished = "http://www.ti.com/lsds/ti/dsp/overview.page",
  note =         "[Online; accessed November 23, 2012]"
}
@techreport{
  Intel:MIC,
  title={The Intel® Xeon PhiTM Coprocessor 5110P},
  author={Intel},
  organization={Intel},
  month={September},
  year={2012}
}
@online {
  NVIDIA:GPGPU,
  author =       "NVIDIA Corporation",
  title =        "{What is GPU Computing?}",
  howpublished = "http://www.nvidia.com/object/what-is-gpu-computing.html",
  note =         "[Online; accessed November 22, 2012]"
}
@online {
  NVIDIA,
  author =       "NVIDIA Corporation",
  title =        "{NVIDIA}",
  howpublished = "http://www.nvidia.com/page/home.html",
  note =         "[Online; accessed November 22, 2012]"
}
@techreport{
  NVIDIA:Fermi,
  title={NVIDIA's Next Generation CUDA Compute Architectur: Fermi},
  author={NVIDIA},
  organization={NVIDIA},
  year={2009}
}
@techreport{
  NVIDIA:Kepler,
  title={NVIDIA's Next Generation CUDA Compute Architectur: Kepler GK110},
  author={NVIDIA},
  organization={NVIDIA},
  year={2012}
}
@online {
  OpenMP,
  author =       "OpenACC Corporation",
  title =        "{OpenACC: Directives for Accelerators}",
  howpublished = "http://openmp.org/wp/",
  note =         "[Online; accessed January 20, 2013]"
}
@online {
  OpenACC,
  author =       "NVIDIA Corporation",
  title =        "{NVIDIA}",
  howpublished = "http://www.openacc-standard.org/",
  note =         "[Online; accessed January 20, 2013]"
}
@online {
  OpenACC:HPCWire,
  author =       "HPC Wire",
  title =        "{OpenACC Group Reports Expanding Support for Accelerator Programming Standard}",
  howpublished = "http://www.hpcwire.com/hpcwire/2012-06-20/openacc_group_reports_expanding_support_for_accelerator_programming_standard.html",
  note =         "[Online; accessed January 15, 2013]"
}
@online {
  OpenACC:OpenMP,
  author =       "OpenACC Corporation",
  title =        "{How does the OpenACC API relate to OpenMP API}",
  howpublished = "http://www.openacc-standard.org/node/49",
  note =         "[Online; accessed January 21, 2013]"
}
@online {
  Callgrind,
  author =       "Valgrind Developers",
  title =        "{Callgrind: a call-graph generating cache and branch prediction profiler}",
  howpublished = "http://valgrind.org/docs/manual/cl-manual.html",
  note =         "[Online; accessed January 29, 2013]"
}
@article{
  LIP:Ibergrid,
  title={Even Bigger Data: Preparing for the LHC/ATLAS Upgrade},
  author={Oliveira, V. and Pina, A. and Castro, N. and Veloso, F. and Onofre, A.},
  journal={6th Iberian Grid Infrastructure Conference},
  year={2012}
}
@techreport{
  NVIDIA:gdb,
  title={CUDA-GDB: The NVIDIA CUDA Debugger User Manual},
  author={NVIDIA},
  organization={NVIDIA},
  month={November},
  year={2008}
}
@techreport{
  Intel:MIC:Elgar,
  title={Intel Many Integrated Core Architecture},
  author={Intel},
  organization={Intel Corporation},
  month={December},
  year={2010}
}
@online{
  LIP,
  author = "Laboratório de {E}xperimentação e {F}ísica {E}xperimental de {P}artículas",
  title =  "Laboratório de {E}xperimentação e {F}ísica {E}xperimental de {P}artículas",
  year =   "2012",
  month =  "November",
  url =    "http://www.lip.pt/"
}
@online{
  Intel:TBB,
  author = "Intel Corporation",
  title =  "Threading Building Blocks (Intel TBB)",
  year =   "2013",
  month =  "February",
  url =    "http://threadingbuildingblocks.org/"
}
@online{
  GDB,
  author = "Free Software Foundation",
  title =  "GDB: The GNU Project Debugger",
  year =   "2013",
  month =  "January",
  url =    "http://www.gnu.org/software/gdb/"
}
@online{
  NVIDIA:CuBLAS,
  author = "NVIDIA Corporation",
  title =  "CUBLAS",
  year =   "2012",
  month =  "November",
  url =    "https://developer.nvidia.com/cublas"
}
