@online{
  CERN:LHC,
  author = "European {O}rganization for {N}uclear {R}esearch",
  title =  "The {L}arge {H}adron {C}ollider",
  year =   "2012",
  month =  "November",
  url =    "http://public.web.cern.ch/public/en/lhc/lhc-en.html"
}
@online{
  CERN:DATA1,
  author = "European {O}rganization for {N}uclear {R}esearch",
  title =  "Computing",
  year =   "2013",
  month =  "July",
  url =    "http://home.web.cern.ch/about/computing"
}
@online{
  CERN:DATA2,
  author = "European {O}rganization for {N}uclear {R}esearch",
  title =  "Animation shows LHC data processing",
  year =   "2013",
  month =  "July",
  url =    "http://home.web.cern.ch/about/updates/2013/04/animation-shows-lhc-data-processing"
}
@online{
  CERN:WLHCCG,
  author = "European {O}rganization for {N}uclear {R}esearch",
  title =  "The Worldwide LHC Computing Grid",
  year =   "2013",
  month =  "July",
  url =    "http://wlcg.web.cern.ch/"
}
@online{
  CERN:CMS,
  author = "European {O}rganization for {N}uclear {R}esearch",
  title =  "Compact Muon Solenoid experiment",
  year =   "2012",
  month =  "November",
  url =    "http://cms.web.cern.ch/"
}
@online{
  CERN:LHCb,
  author = "European {O}rganization for {N}uclear {R}esearch",
  title =  "The Large Hadron Collider beauty experiment",
  year =   "2012",
  month =  "November",
  url =    "http://lhcb-public.web.cern.ch/lhcb-public/"
}
@online{
  CERN:MoEDAL,
  author = "European {O}rganization for {N}uclear {R}esearch",
  title =  "The Monopole & Exotics Detector at the LHC",
  year =   "2012",
  month =  "November",
  url =    "http://moedal.web.cern.ch/"
}
@online{
  CERN:TOTEM,
  author = "European {O}rganization for {N}uclear {R}esearch",
  title =  "Total Cross Section, Elastic Scattering and Diffraction Dissociation at the LHC",
  year =   "2012",
  month =  "November",
  url =    "http://totem.web.cern.ch/Totem/"
}
@online{
  CERN:LHCf,
  author = "European {O}rganization for {N}uclear {R}esearch",
  title =  "The Large Hadron Collider forward experiment",
  year =   "2012",
  month =  "November",
  url =    "http://home.web.cern.ch/about/experiments/lhcf"
}
@online{
  CERN:ALICE,
  author = "European {O}rganization for {N}uclear {R}esearch",
  title =  "A Large Ion Collider Experiment",
  year =   "2012",
  month =  "November",
  url =    "http://aliceinfo.cern.ch/"
}
@online{
  CERN:PS,
  author = "European {O}rganization for {N}uclear {R}esearch",
  title =  "The Proton Synchrotron",
  year =   "2013",
  month =  "July",
  url =    "http://home.web.cern.ch/about/accelerators/proton-synchrotron"
}
@online{
  CERN,
  author = "European {O}rganization for {N}uclear {R}esearch",
  title =  "C{ERN} {E}uropean {O}rganization for {N}uclear {R}esearch",
  year =   "2012",
  month =  "November",
  url =    "http://public.web.cern.ch/public/"
}
@online{
  NVIDIA:Tesla,
  author = "NVIDIA Corporation",
  title =  "High Performance Computing: Accelerating Science with Tesla GPUs",
  year =   "2013",
  url =    "http://www.nvidia.com/object/tesla-supercomputing-solutions.html"
}
@techreport{
  GAMA,
  title={GAMA framework: Hardware Aware Scheduling in Heterogeneous Environments},
  author={Barbosa, João},
  organization={Informatics Department, University of Minho},
  month={September},
  year={2012}
}
@online{
  CERN:ATLAS,
  author = "European {O}rganization for {N}uclear {R}esearch",
  title =  "A{TLAS} experiment",
  year =   "2012",
  month =  "November",
  url =    "http://atlas.ch/"
}
@online{
  CERN:DATA,
  author = "RD. Schaffer, W. Bhimji, C. Biscarat, G. Brandt, G. Duckeck, P. van Gemmeren, A. Peters and I. Vukotic",
  title =  "I{O} performance of {ATLAS} data formats",
  year =   "2010",
  month =  "October",
  url =    "http://cdsweb.cern.ch/record/1299564/files/ATL-SOFT-SLIDE-2010-381.pdf?version=1"
}
@online{
  CERN:ROOT,
  author = "{F. Rademakers and P. Canal and B. Bellenot and O. Couet and A. Naumann and G. Ganis and L. Moneta and V. Vasilev and A. Gheata and P. Russo and R. Brun}",
  title =  "R{OOT}",
  year =   "2012",
  month =  "November",
  url =    "http://root.cern.ch/drupal/"
}
@online{
  CERN:PROOF,
  author = "{F. Rademakers and P. Canal and B. Bellenot and O. Couet and A. Naumann and G. Ganis and L. Moneta and V. Vasilev and A. Gheata and P. Russo and R. Brun}",
  title =  "P{ROOF}",
  year =   "2012",
  month =  "November",
  url =    "http://root.cern.ch/drupal/content/proof"
}
@online{
  OpenACC,
  author =      "{OpenACC Corporation}",
  title =       "{OpenACC}",
  year =        "2012",
  month =       "November",
  url =         "http://www.openacc-standard.org/",
}
@article{
  MPI,
  author       = {Edgar Gabriel and Graham E. Fagg and George Bosilca
                  and Thara Angskun and Jack J. Dongarra and Jeffrey
                  M. Squyres and Vishal Sahay and Prabhanjan Kambadur
                  and Brian Barrett and Andrew Lumsdaine and Ralph
                  H. Castain and David J. Daniel and Richard L. Graham
                  and Timothy S. Woodall },
  title        = {Open {MPI}: Goals, Concept, and Design of a Next
                  Generation {MPI} Implementation},
  booktitle    = {Proceedings, 11th European PVM/MPI Users' Group
                  Meeting},
  year         = 2004,
  address      = {Budapest, Hungary},
  pages        = {97--104},
  month        = {September}
}
@online{
  Texas:DSP,
  author =       "Texas Instruments",
  title =        "Digital {S}ignal {P}rocessors",
  year = "2012",
  month = "November",
  url = "http://www.ti.com/lsds/ti/dsp/overview.page"
}
@techreport{
  Intel:MIC,
  title={The Intel® Xeon PhiTM Coprocessor 5110P},
  author={Intel},
  organization={Intel},
  month={September},
  year={2012}
}
@online {
  NVIDIA:GPGPU,
  author =       "NVIDIA Corporation",
  title =        "{What is GPU Computing?}",
  year = "2012",
  month = "November",
  url = "http://www.nvidia.com/object/what-is-gpu-computing.html"
}
@online {
  NVIDIA,
  author =       "NVIDIA Corporation",
  title =        "{NVIDIA}",
  year = "2012",
  month = "November",
  url = "http://www.nvidia.com/page/home.html"
}
@techreport{
  NVIDIA:Fermi,
  title={NVIDIA's Next Generation CUDA Compute Architectur: Fermi},
  author={NVIDIA},
  organization={NVIDIA},
  year={2009}
}
@techreport{
  NVIDIA:Kepler,
  title={NVIDIA's Next Generation CUDA Compute Architectur: Kepler GK110},
  author={NVIDIA},
  organization={NVIDIA},
  year={2012}
}
@online {
  OpenMP,
  author =       "OpenACC Corporation",
  title =        "{OpenACC: Directives for Accelerators}",
  year = "2013",
  month = "January",
  url = "http://openmp.org/wp/"
}
@online{
  OpenACC:HPCWire,
  author = "HPC Wire",
  title =  "OpenACC Group Reports Expanding Support for Accelerator Programming Standard",
  year =   "2013",
  month =  "January",
  url =    "http://www.hpcwire.com/hpcwire/2012-06-20/openacc_group_reports_expanding_support_for_accelerator_programming_standard.html"
}
@online {
  OpenACC:OpenMP,
  author =       "OpenACC Corporation",
  title =        "{How does the OpenACC API relate to OpenMP API}",
  year = "2013",
  month = "January",
  url = "http://www.openacc-standard.org/node/49"
}
@techreport{
  Intel:TBB,
  title={Intel Threading Building Blocks},
  author={James Reinders},
  organization={Intel},
  year={2007}
}
@techreport{
  thesis:Zuca,
  title={Use of parallel platforms in the analysis of big data from LHC collisions},
  author={Rafael Silva},
  year={2013}
}
@article{
  Cilk,
  title={Cilk: An Efficient Multithreaded Runtime System},
  author={Robert D. Blumofe, Christopher F. Joerg, Charles E. Leiserson, Keith H. Randall, and Yuli Zhou},
  organization={Massachussets Institute of Technology},
  journal={5th ACM SIGPLAN Symposium on Principles and Practice of Parallel Programming, pp. 207-216},
  month={July},
  year={1995}
}
@online {
  Callgrind,
  author =       "Valgrind Developers",
  title =        "{Callgrind: a call-graph generating cache and branch prediction profiler}",
  year = "2013",
  month = "January",
  url = "http://valgrind.org/docs/manual/cl-manual.html"
}
@online {
  MKL,
  author =       "Intel Corporation",
  title =        "{Intel Math Kernel Library}",
  year = "2013",
  month = "January",
  url = "http://software.intel.com/en-us/intel-mkl/"
}
@article{
  ARM,
  title={Chipmakers ARM for Battle in Traditional Computing Market.},
  author={Sixto Ortiz Jr.},
  journal={Computer, 44(4):14-17},
  month={April},
  year={2011}
}
@article{
  PAPI,
  title={PAPI: A Portable Interface to Hardware Performance Counters},
  author={S. Browne and C. Deane and G. Ho and P. Muccima},
  journal={Proceedings of Department of Defense HPCMP Users Group Conference},
  month={June},
  year={1999}
}
@article{
  LIP:Ibergrid,
  title={Even Bigger Data: Preparing for the LHC/ATLAS Upgrade},
  author={Oliveira, V. and Pina, A. and Castro, N. and Veloso, F. and Onofre, A.},
  journal={6th Iberian Grid Infrastructure Conference},
  year={2012}
}
@article{
  AMDAHL,
  title={Validity of the single processor approach to achieving large scale computing capabilities},
  author={Gene M. Amdahl},
  journal={AFIPS spring joint computer conference, (30) 483-485},
  year={1967}
}
@article{
  MooreLaw,
  title={Cramming more components onto integrated circuits.},
  author={Gordon E. Moore},
  journal={Electronics, 38(8)},
  month={April},
  year={1965}
}
@article{
  AcceptanceRandom,
  title={The ACR Method for generating normal random variables},
  author={W. Hoermann and G. Derﬂinger},
  journal={OR Spektrum 12, 181-185},
  year={1990}
}
@article{
  Ziggurat,
  title={The Ziggurat Method for Generating Random Variables},
  author={George Marsaglia and Wai Wan Tsang},
  journal={Journal of Statistical Software},
  year={2000}
}
@article{
  BoxMuller,
  title={A Note on the Generation of Random Normal Deviates},
  author={G. E. P. Box and Mervin E. Muller},
  journal={Annals of Mathematical Statistics, Volume 29, 610-611},
  year={1958}
}
@article{
  MersenneTwister,
  title={Variants of Mersenne Twister Suitable for Graphic Processors},
  author={Makoto Matsumoto and Mutsuo Saito},
  journal={ACM Transactions on Modeling and Computer Simulations: Special Issue on Uniform Random Number Generation},
  year={1998}
}
@article{
  NVIDIA:MersenneTwister,
  title={Mersenne Twister: A 623-dimensionally equidistributed uniform pseudorandom number generator},
  author={Makoto Matsumoto and Takuji Nishimura},
  month={March},
  year={2012}
}
@article{
  Roofline,
  title={Roofline: An insightful Visual Performance model for multicore Architectures},
  author={SamueL Williams, Andrew Waterman and David Patterson},
  journal={Communications of the ACM, 65-76},
  month={April},
  year={2009}
}
@article{
  BLAS,
  title={An Updated Set of Basic Linear Algebra Subprograms (BLAS)},
  author={L. S. Blackford and J. Demmel and J. Dongarra and I. Duff and S. Hammarling and G. Henry and M. Heroux and L. Kaufman and A. Lumsdaine and A. Petitet and R. Pozo and K. Remington and R. C. Whaley},
  journal={ACM Trans. Math. Soft., 28-2},
  year={2002}
}
@techreport{
  NVIDIA:gdb,
  title={CUDA-GDB: The NVIDIA CUDA Debugger User Manual},
  author={NVIDIA},
  organization={NVIDIA},
  month={November},
  year={2008}
}
@techreport{
  NVIDIA:cuRand,
  title={CUDA CURAND Library},
  author={NVIDIA},
  organization={NVIDIA},
  month={August},
  year={2010}
}
@techreport{
  Intel:MIC:Elgar,
  title={Intel Many Integrated Core Architecture},
  author={Intel},
  organization={Intel Corporation},
  month={December},
  year={2010}
}
@online{
  LIP,
  author = "Laboratório de {E}xperimentação e {F}ísica {E}xperimental de {P}artículas",
  title =  "Laboratório de {E}xperimentação e {F}ísica {E}xperimental de {P}artículas",
  year =   "2012",
  month =  "November",
  url =    "http://www.lip.pt/"
}
@online{
  TOP500,
  author = "TOP 500",
  title =  "June 2013",
  year =   "2013",
  month =  "June",
  url =    "http://www.top500.org/lists/2013/06/"
}
@online{
  GDB,
  author = "Free Software Foundation",
  title =  "GDB: The GNU Project Debugger",
  year =   "2013",
  month =  "January",
  url =    "http://www.gnu.org/software/gdb/"
}
@online{
  NVIDIA:CuBLAS,
  author = "NVIDIA Corporation",
  title =  "CUBLAS",
  year =   "2012",
  month =  "November",
  url =    "https://developer.nvidia.com/cublas"
}
@online{
  Valgrind,
  author = "Valgrind Developers",
  title =  "Valgrind",
  year =   "2013",
  month =  "May",
  url =    "http://valgrind.org/"
}
@online{
  NVIDIA:Calculator,
  author = "NVIDIA Corporation",
  title =  "NVIDIA CUDA Occupancy Calculator",
  year =   "2013",
  month =  "May",
  url =    "developer.download.nvidia.com/compute/cuda/CUDA_Occupancy_calculator.xls"
}
@online{
  NVIDIA:Tegra,
  author = "NVIDIA Corporation",
  title =  "Tegra",
  year =   "2013",
  month =  "July",
  url =    "http://www.nvidia.com/object/tegra.html"
}
@techreport{
  Intel:E52650,
  title={Intel Xeon Processor E5-1600/E5-2600/E5-4600 Product Families Datasheet},
  author={Intel},
  organization={Intel Corporation},
  month={May},
  year={2012}
}
@techreport{
  Intel:QPI,
  title={An Introduction to the Intel QuickPath Interconnect},
  author={Intel},
  organization={Intel Corporation},
  month={January},
  year={2009}
}
@techreport{
  Intel:VTune,
  title={Profiling Runtime Generated and Interpreted Code with Intel VTune Amplifier},
  author={Intel},
  organization={Intel Corporation},
  month={January},
  year={2013}
}
@online{
  STREAM,
  author = "John D. McCalpin",
  title =  "STREAM: Sustainable Memory Bandwidth in High Performance Computers",
  organization = "University of Virginia",
  year =   "2013",
  month =  "April",
  url =    "http://www.cs.virginia.edu/stream/"
}
