@misc{
	CERN:LHC,
	author = "European {O}rganization for {N}uclear {R}esearch",
	title =  "The {L}arge {H}adron {C}ollider",
	year =   "2012",
	month =  "November",
	url =    "\url{http://public.web.cern.ch/public/en/lhc/lhc-en.html}"
}
@misc{
	CERN,
	author = "European {O}rganization for {N}uclear {R}esearch",
	title =  "C{ERN} {E}uropean {O}rganization for {N}uclear {R}esearch",
	year =   "2012",
	month =  "November",
	url =    "\url{http://public.web.cern.ch/public/}"
}
@misc{
	CERN:ATLAS,
	author = "European {O}rganization for {N}uclear {R}esearch",
	title =  "A{TLAS} experiment",
	year =   "2012",
	month =  "November",
	url =    "\url{http://atlas.ch/}"
}
@misc{
	LIP,
	author = "Laboratório de {E}xperimentação e {F}ísica {E}xperimental de {P}artículas",
	title =  "Laboratório de {E}xperimentação e {F}ísica {E}xperimental de {P}artículas",
	year =   "2012",
	month =  "November",
	url =    "\url{http://www.lip.pt/}"
}
@misc{
	CERN:ATLAS:DATA,
	author = "RD. Schaffer, W. Bhimji, C. Biscarat, G. Brandt, G. Duckeck, P. van Gemmeren, A. Peters and I. Vukotic",
	title =  "I{O} performance of {ATLAS} data formats",
	year =   "2010",
	month =  "October",
	url =    "\url{http://cdsweb.cern.ch/record/1299564/files/ATL-SOFT-SLIDE-2010-381.pdf?version=1}"
}
@misc{
	CERN:ROOT,
	author = "F. Rademakers, P. Canal, B. Bellenot, O. Couet, A. Naumann, G. Ganis, L. Moneta, V. Vasilev, A. Gheata, P. Russo and R. Brun",
	title =  "R{OOT}",
	year =   "2012",
	month =  "November",
	url =    "\url{http://root.cern.ch/drupal/}"
}
@article{
	LIP:PI,
	author =    "A. Pereira and R. Silva",
	title =     "Particle {C}ollision {D}etection {A}pplication",
	month =     "July",
	year =      "2012",
}
@misc {
	NVIDIA:GPGPU,
	author =       "NVIDIA Corporation",
	title =        "{What is GPU Computing?}",
	howpublished = "\url{http://www.nvidia.com/object/what-is-gpu-computing.html}",
	note =         "[Online; accessed November 22, 2012]"
}
@misc {
	Intel:MIC,
	author =       "Intel Corporation",
	title =        "{Many Integrated Core (MIC) Architecture}",
	howpublished = "\url{http://www.intel.com/content/www/us/en/architecture-and-technology/many-integrated-core/intel-many-integrated-core-architecture.html}",
	note =         "[Online; accessed November 20, 2012]"
}
@misc {
	Texas:DSP,
	author =       "Texas Instruments",
	title =        "Digital {S}ignal {P}rocessors",
	howpublished = "\url{http://www.ti.com/lsds/ti/dsp/overview.page}",
	note =         "[Online; accessed November 23, 2012]"
}
@book{
	Hennessy:Patterson:2012:CAQA,
	author =    "John L. Hennessy and David A. Patterson",
	title =     "Computer Architecture, Fifth Edition: A Quantitative Approach",
	year =      "2011",
	isbn =      "012383872X, 9780123838728",
	edition =   "5th",
	publisher = "Morgan Kaufmann Publishers Inc.",
	address =   "San Francisco, CA, USA",
}
@misc {
	NVIDIA:Kepler,
	author =       "NVIDIA Corporation",
	title =        "Kepler {A}rchitecture",
	howpublished = "\url{http://www.nvidia.com/object/nvidia-kepler.html}",
	note =         "[Online; accessed November 23, 2012]"
}
@misc {
	NVIDIA:CUDA,
	author =       "NVIDIA Corporation",
	title =        "{CUDA}",
	howpublished = "\url{http://www.nvidia.com/object/cuda_home_new.html}",
	note =         "[Online; accessed November 22, 2012]"
}
@misc {
	CULA:LAPACK,
	author =       "EM Photonics",
	title =        "CULAPACK Function List",
	howpublished = "\url{http://www.culatools.com/dense/lapack/}",
	note =         "[Online; accessed November 9, 2012]"
}
@misc {
	CUSP:FEATURES,
	author =       "N. Bell and M. Garland",
	title =        "Cusp Library Features",
	version =      "0.3.0",
	year =         "2012",
	month =        "March",
	howpublished = "\url{http://code.google.com/p/cusp-library/wiki/Features}",
	note =         "[Online; accessed November 9, 2012]"
}
@misc{
	OpenCL:1:2:15,
	author =      "Khronos OpenCL Working Group",
	title =       "{The OpenCL Specification 1.2, revision 15}",
	institution = "Khronos Group",
	year =        "2011",
	month =       "November",
	url =         "http://eprints.ma.man.ac.uk/1775"
}
@misc{
	OpenACC,
	author =      "{OpenACC Corporation}",
	title =       "{OpenACC}",
	year =        "2012",
	month =       "November",
	url =         "\url{http://www.openacc-standard.org/}",
	note =        "[Online; accessed November 20, 2012]"
}
@techreport {
	StarPU,
    url = "http://hal.inria.fr/inria-00467677/PDF/RR-7240.pdf",
    title = "{StarPU: a Runtime System for Scheduling Tasks over Accelerator-Based Multicore Machines}",
    author = "Augonnet, C{\'e}dric and Thibault, Samuel and Namyst, Raymond",
    affiliation = {Laboratoire Bordelais de Recherche en Informatique - LaBRI , RUNTIME - INRIA Bordeaux - Sud-Ouest},
    type = {Rapport de recherche},
    institution = {INRIA},
    number = {RR-7240},
    year = {2010},
    month = {March},
}
@inproceedings {
	Mariano:Alves:2012,
	author = "Artur Mariano and Ricardo Alves and João Barbosa and Luís Paulo Santos and Alberto Proença",
	title =  "A (ir)regularity-aware task scheduler for heterogeneous platforms",
	booktitle = "Proceedings of the 2nd International Conference on High Performance Computing",
	year =   "2012",

	pages = "45-56",
	address = "Kiev",
	month = "October",
}
@techreport{
	Barbosa:2012,
	author =      "João Barbosa",
	title =       "GAMA framework: Hardware Aware Scheduling in Heterogeneous Environments",
	institution = "Informatics Department, University of Minho",
	year =        "2012",

	month =       "September"
}
@mastersthesis {
	Alves:2012,
	author = "Ricardo D. Q. Alves",
	title = "Distributed Shared Memory on Heterogeneous CPUs+GPUs Platforms",
	school = "Universidade do Minho",
	year =   "2012",

	month =  "October"
}
